@article{choudhury2014real,
  title={A real time clustering and SVM based price-volatility prediction for optimal trading strategy},
  author={Choudhury, Subhabrata and Ghosh, Subhajyoti and Bhattacharya, Arnab and Fernandes, Kiran Jude and Tiwari, Manoj Kumar},
  journal={Neurocomputing},
  volume={131},
  pages={419--426},
  year={2014},
  publisher={Elsevier}
}

@article{patel2015predicting,
  title={Predicting stock and stock price index movement using trend deterministic data preparation and machine learning techniques},
  author={Patel, Jigar and Shah, Sahil and Thakkar, Priyank and Kotecha, K},
  journal={Expert Systems with Applications},
  volume={42},
  number={1},
  pages={259--268},
  year={2015},
  publisher={Elsevier}
}

@article{kim2000genetic,
  title={Genetic algorithms approach to feature discretization in artificial neural networks for the prediction of stock price index},
  author={Kim, Kyoung-jae and Han, Ingoo},
  journal={Expert systems with Applications},
  volume={19},
  number={2},
  pages={125--132},
  year={2000},
  publisher={Elsevier}
}

@article{hadavandi2010integration,
  title={Integration of genetic fuzzy systems and artificial neural networks for stock price forecasting},
  author={Hadavandi, Esmaeil and Shavandi, Hassan and Ghanbari, Arash},
  journal={Knowledge-Based Systems},
  volume={23},
  number={8},
  pages={800--808},
  year={2010},
  publisher={Elsevier}
}

@article{wang2006stock,
  title={Stock market trading rule discovery using two-layer bias decision tree},
  author={Wang, Jar-Long and Chan, Shu-Hui},
  journal={Expert Systems with Applications},
  volume={30},
  number={4},
  pages={605--611},
  year={2006},
  publisher={Elsevier}
}

@article{lai2009evolving,
  title={Evolving and clustering fuzzy decision tree for financial time series data forecasting},
  author={Lai, Robert K and Fan, Chin-Yuan and Huang, Wei-Hsiu and Chang, Pei-Chann},
  journal={Expert Systems with Applications},
  volume={36},
  number={2},
  pages={3761--3773},
  year={2009},
  publisher={Elsevier}
}

@article{hsu2009two,
  title={A two-stage architecture for stock price forecasting by integrating self-organizing map and support vector regression},
  author={Hsu, Sheng-Hsun and Hsieh, JJ Po-An and Chih, Ting-Chih and Hsu, Kuei-Chu},
  journal={Expert Systems with Applications},
  volume={36},
  number={4},
  pages={7947--7951},
  year={2009},
  publisher={Elsevier}
}

@inproceedings{trafalis2000support,
  title={Support Vector Machine for Regression and Applications to Financial Forecasting.},
  author={Trafalis, Theodore B and Ince, Huseyin},
  booktitle={IJCNN (6)},
  pages={348--353},
  year={2000}
}

@article{hafezi2015bat,
  title={A bat-neural network multi-agent system (BNNMAS) for stock price prediction: Case study of DAX stock price},
  author={Hafezi, Reza and Shahrabi, Jamal and Hadavandi, Esmaeil},
  journal={Applied Soft Computing},
  volume={29},
  pages={196--210},
  year={2015},
  publisher={Elsevier}
}

@article{ticknor2013bayesian,
  title={A Bayesian regularized artificial neural network for stock market forecasting},
  author={Ticknor, Jonathan L},
  journal={Expert Systems with Applications},
  volume={40},
  number={14},
  pages={5501--5506},
  year={2013},
  publisher={Elsevier}
}

@article{hagenau2013automated,
  title={Automated news reading: Stock price prediction based on financial news using context-capturing features},
  author={Hagenau, Michael and Liebmann, Michael and Neumann, Dirk},
  journal={Decision Support Systems},
  volume={55},
  number={3},
  pages={685--697},
  year={2013},
  publisher={Elsevier}
}

@inproceedings{shynkevich2015stock,
  title={Stock price prediction based on stock-specific and sub-industry-specific news articles},
  author={Shynkevich, Yauheniya and McGinnity, TM and Coleman, Sonya and Belatreche, Ammar},
  booktitle={2015 International Joint Conference on Neural Networks (IJCNN)},
  pages={1--8},
  year={2015},
  organization={IEEE}
}
@article{schumaker2009textual,
  title={Textual analysis of stock market prediction using breaking financial news: The AZFin text system},
  author={Schumaker, Robert P and Chen, Hsinchun},
  journal={ACM Transactions on Information Systems (TOIS)},
  volume={27},
  number={2},
  pages={12},
  year={2009},
  publisher={ACM}
}